@MISC{kernel-basedobject,
  author = {Dorin Comaniciu and Visvanathan Ramesh and Peter Meer},
  title = {Kernel-Based Object Tracking},
  year = {2003}
}

@INPROCEEDINGS{real-timetracking,
  author = {Dorin Comaniciu and Visvanathan Ramesh and Peter Meer},
  title = {Real-Time Tracking of Non-Rigid Objects using Mean Shift},
  year = {2000},
  pages = {142--149}
}
